@misc{ETM,
        author  = {いもあらい。},
        title   = {ETロボコンの要素技術。},
        note    = {\url{http://imoarai.cocolog-nifty.com/blog/2011/11/et-49b4.html}},
        year    = {2011}
}

@misc{TRY,
        author  = {トライイット},
        title   = {電流・電圧とは　～電流・電圧のちがい、A(アンペア)とV(ボルト)～},
        note    = {\url{https://www.try-it.jp/keyword_articles/52/}},
}

@misc{WATER,
        author  = {亀山 寛},
        title   = {電気回路と水流モデルとの類推に関する考察（1）},
        note    = {\url{https://shizuoka.repo.nii.ac.jp/record/2336/files/090305003.pdf}},
}

@book{ElectricCircuit,
title={電気回路 (電子工学初歩シリーズ 3・4)},
author={鎌倉, 友男},
publisher={培風館},
year={1998},
month={9},
day={1},
date={1998-09-01},
edition={単行本},
pages={307},
keywords={電子工学, 電気回路},
isbn={978-4563036638},
isbn10={4563036633},
url={https://lead.to/amazon/jp/?op=bt&la=ja&key=4563036633},
url-am={https://www.amazon.co.jp/dp/4563036633/},
url-ci={https://ci.nii.ac.jp/books/search?advanced=true&isbn=9784563036638},
url-go={https://books.google.com/books?isbn=9784563036638},
url-wo={https://www.worldcat.org/search?qt=l2a&q=isbn%3A9784563036638},
price={￥3,630},
condition={新品},
timestamp={2024-02-07},
}